%% Saved with string encoding Unicode (UTF-8) 



@article{VP,
   author    = {Alekh Jindal and Endre Palatinus and Vladimir Pavlov and Jens Dittrich},
   title     = {{A Comparison of Knives for Bread Slicing}},
   journal   = {PVLDB},
   volume    = {6},
   number    = {6},
   year      = {2013},
   pages     = {361-372},
}


@book{jain1991art,
	Author = {Jain, Raj},
	Publisher = {John Wiley \& Sons},
	Title = {The art of computer systems performance analysis},
	Year = {1991}
}

@article{grubbs1950sample,
  title={Sample criteria for testing outlying observations},
  author={Grubbs, Frank E},
  journal={The Annals of Mathematical Statistics},
  pages={27--58},
  year={1950},
  publisher={JSTOR}
}

@article{welch1947generalization,
  title={{The generalization of Student's problem when several different population variances are involved}},
  author={Welch, Bernard L},
  journal={Biometrika},
  pages={28--35},
  year={1947},
  publisher={JSTOR}
}

@inproceedings{PAX,
  author    = {Anastassia Ailamaki and
               others},
  title     = {{Weaving Relations for Cache Performance}},
  booktitle = {{VLDB} 2001},
  pages     = {169--180},
  %year      = {2001},
  crossref  = {DBLP:conf/vldb/2001},
  url       = {http://www.vldb.org/conf/2001/P169.pdf},
  timestamp = {Mon, 17 Sep 2012 22:00:05 +0200},
  biburl    = {http://dblp.uni-trier.de/rec/bib/conf/vldb/AilamakiDHS01},
  bibsource = {dblp computer science bibliography, http://dblp.org}
}

@article{grund2010hyrise,
  title={{HYRISE: a main memory hybrid storage engine}},
  author={Grund, Martin and others},
  journal={PVLDB},
  volume={4},
  number={2},
  pages={105--116},
  year={2010},
  publisher={VLDB Endowment}
}

@inproceedings{JITHybrid,
  author    = {Holger Pirk and
               others},
  title     = {{CPU} and cache efficient management of memory-resident databases},
  booktitle = {{ICDE} 2013},
  pages     = {14--25},
  year      = {2013},
  crossref  = {DBLP:conf/icde/2013},
  url       = {http://dx.doi.org/10.1109/ICDE.2013.6544810},
  doi       = {10.1109/ICDE.2013.6544810},
  timestamp = {Sat, 09 Aug 2014 14:37:16 +0200},
  biburl    = {http://dblp.uni-trier.de/rec/bib/conf/icde/PirkFG0LMKK13},
  bibsource = {dblp computer science bibliography, http://dblp.org}
}