
@incollection{pivot,
	Key = {pivot},
	Title = {\url{https://github.com/nicolaskruchten/pivottable}}
}
	
@incollection{pdfjs,
	Key = {pdfjs},
	Title = {\url{https://mozilla.github.io/pdf.js}}
}

@incollection{dygraph,
	Key = {dygraph},
	Title = {\url{http://dygraphs.com}}
}
	
@incollection{jQuery,
	Key = {jQuery},
	Title = {\url{https://jquery.com}}
}
	

@incollection{alasql,
	Key = {alasql},
	Title = {\url{https://github.com/agershun/alasql}}
}
		
@incollection{funkyfiles,
	Key = {daten},
	author = {Ange Albertini},
	Title = {\href{https://media.ccc.de/browse/congress/2014/31c3_-_5930_-_en_-_saal_6_-_201412291400_-_funky_file_formats_-_ange_albertini.html#video}{Funky File Formats}},
	 booktitle = {CCC},
	 year = {2014},
}
	


@inproceedings{Armstrong:2009:IDA:1645953.1646031,
 author = {Armstrong, Timothy G. and Moffat, Alistair and Webber, William and Zobel, Justin},
 title = {{Improvements That Don't Add Up: Ad-hoc Retrieval Results Since 1998}},
 series = {CIKM '09},
 year = {2009},
 isbn = {978-1-60558-512-3},
 location = {Hong Kong, China},
 pages = {601--610},
 numpages = {10},
 url = {http://doi.acm.org/10.1145/1645953.1646031},
 doi = {10.1145/1645953.1646031},
 acmid = {1646031},
 publisher = {ACM},
 address = {New York, NY, USA},
 keywords = {evaluation, retrieval experiment, survey, system measurement},
} 



@article{Manolescu:2008:RES:1374780.1374791,
 author = {Manolescu, I. and Afanasiev, L. and Arion, A. and Dittrich, J. and Manegold, S. and Polyzotis, N. and Schnaitter, K. and Senellart, P. and Zoupanos, S. and Shasha, D.},
 title = {{The Repeatability Experiment of SIGMOD 2008}},
 journal = {SIGMOD Rec.},
 issue_date = {March 2008},
 volume = {37},
 number = {1},
 month = mar,
 year = {2008},
 issn = {0163-5808},
 pages = {39--45},
 numpages = {7},
 url = {http://doi.acm.org/10.1145/1374780.1374791},
 doi = {10.1145/1374780.1374791},
 acmid = {1374791},
 publisher = {ACM},
 address = {New York, NY, USA},
} 

[download] 

@inproceedings{dagstuhl2015,
	key = {dagstuhl},
	title = {{Dagstuhl Perspectives Workshop 15452: Artifact Evaluation for Publications}},
	note = {\url{http://www.dagstuhl.de/de/programm/kalender/semhp/?semnr=15452}},
	year = {11/2015},
}

@article{Krishnamurthi:2015:RSC:2739250.2658987,
 author = {Krishnamurthi, Shriram and Vitek, Jan},
 title = {{The Real Software Crisis: Repeatability As a Core Value}},
 journal = {Commun. ACM},
 issue_date = {March 2015},
 volume = {58},
 number = {3},
 month = feb,
 year = {2015},
 issn = {0001-0782},
 pages = {34--36},
 numpages = {3},
 url = {http://doi.acm.org/10.1145/2658987},
 doi = {10.1145/2658987},
 acmid = {2658987},
 publisher = {ACM},
 address = {New York, NY, USA},
} 

@inproceedings{cidr2015,
	Author = {Dittrich, Jens},
	Booktitle = {CIDR},
	Title = {{The Case for Small Data Management}},
	Year = {2015}}
	
@inproceedings{btw2015,
	Author = {Dittrich, Jens},
	Booktitle = {keynote at BTW},
	Title = {{The Case for Small Data Management}},
	Year = {3/2015},
	note = {extended version of~\cite{cidr2015} (\href{https://youtu.be/O7Qgo6RSzmE}{youtube})}
}



@article{Mes2010,
	Abstract = {As use of computation in research grows, new tools are needed to expand recording, reporting, and reproduction of methods and data.},
	An = {PMC3878063},
	Author = {Mesirov, Jill P},
	Date = {2010/01/22},
	Date-Added = {2015-03-30 08:19:32 +0000},
	Date-Modified = {2015-03-30 08:19:32 +0000},
	Db = {PMC},
	Doi = {10.1126/science.1179653},
	Isbn = {0036-8075; 1095-9203},
	J1 = {Science},
	Journal = {Science (New York, N.Y.)},
	Month = {01},
	Number = {5964},
	Pages = {10.1126/science.1179653},
	Title = {{COMPUTER SCIENCE. Accessible Reproducible Research}},
	Ty = {JOUR},
	U1 = {20093459{$[$}pmid{$]$}},
	Url = {http://www.ncbi.nlm.nih.gov/pmc/articles/PMC3878063/},
	Volume = {327},
	Year = {2010},
	Bdsk-Url-1 = {http://www.ncbi.nlm.nih.gov/pmc/articles/PMC3878063/},
	Bdsk-Url-2 = {http://dx.doi.org/10.1126/science.1179653}}



@article{SHJA13,
    author = {Sandve, Geir Kjetil AND Nekrutenko, Anton AND Taylor, James AND Hovig, Eivind},
    journal = {PLoS Comput Biol},
    publisher = {Public Library of Science},
    title = {{Ten Simple Rules for Reproducible Computational Research}},
    year = {2013},
    month = {10},
    volume = {9},
    note = {\url{http://journals.plos.org/ploscompbiol/article?id=10.1371/journal.pcbi.1003285}},
    pages = {e1003285},
    abstract = {},
    number = {10},
    doi = {10.1371/journal.pcbi.1003285}
}        







@book{Witten1999,
 author = {Witten, Ian H. and Moffat, Alistair and Bell, Timothy C.},
 title = {{Managing Gigabytes}},
 year = {1999},
 publisher = {Morgan Kaufmann Publishers Inc.},
} 

@inproceedings{sayno,
	Author = {Dittrich, Jens},
	Booktitle = {CIDR},
	Title = {\href{http://youtu.be/fXc-QDJBXpw}{Say No! No! and No!}},
	Year = {2013}}

@incollection{dblernen,
	Key = {daten},
	Title = {\url{http://datenbankenlernen.de}}
}
	

@inproceedings{Fowler,
	Author = {Fowler, Martin},
	Booktitle = {GOTO},
	Title = {\href{http://youtu.be/qI_g07C_Q5I}{Introduction to NoSQL}},
	Year = {2013}}
	
	
	

@article{ChenAK12,
  author    = {Yanpei Chen and
               Sara Alspaugh and
               Randy H. Katz},
  title     = {{Interactive Analytical Processing in Big Data Systems: {A} Cross-Industry
               Study of MapReduce Workloads.}},
  journal   = {{PVLDB}},
  year      = {2012},
  volume    = {5},
  number    = {12},
}

@inproceedings{Pagh:2001aa,
	Author = {Pagh, Rasmus and Rodler, FlemmingFriche},
	Booktitle = {ESA 2001},
	Booktitle1 = {Lecture Notes in Computer Science},
	Date = {2001 %@ 978-3-540-42493-2},
	Date-Added = {2013-12-05 11:46:10 +0000},
	Date-Modified = {2013-12-05 11:48:20 +0000},
	Date1 = {2001-01-01},
	G = {English},
	Pages = {121-133},
	Publisher = {Springer Berlin Heidelberg},
	Title = {Cuckoo Hashing},
	Type = {10.1007/3-540-44676-1_10},
	Url = {http://dx.doi.org/10.1007/3-540-44676-1_10},
	Volume = {2161},
	Year = {2001},
	Bdsk-Url-1 = {http://dx.doi.org/10.1007/3-540-44676-1_10}}

@inproceedings{leis2013adaptive,
	Author = {Leis, Viktor and Kemper, Alfons and Neumann, Thomas},
	Booktitle = {ICDE},
	Date-Added = {2013-11-29 09:02:07 +0000},
	Date-Modified = {2013-11-29 11:29:36 +0000},
	Title = {The Adaptive Radix Tree: ARTful indexing for main-memory databases},
	Year = {2013}}

@incollection{graefe2011benchmarking,
	Author = {Graefe, Goetz and Idreos, Stratos and Kuno, Harumi and Manegold, Stefan},
	Booktitle = {Performance Evaluation, Measurement and Characterization of Complex Systems},
	Date-Added = {2013-11-14 11:51:18 +0000},
	Date-Modified = {2013-11-14 11:51:18 +0000},
	Pages = {169--184},
	Publisher = {Springer},
	Title = {Benchmarking adaptive indexing},
	Year = {2011}}

@inproceedings{idreos2009self,
	Author = {Idreos, Stratos and Kersten, Martin L and Manegold, Stefan},
	Booktitle = {Proceedings of the 2009 ACM SIGMOD International Conference on Management of data},
	Date-Added = {2013-11-14 09:16:39 +0000},
	Date-Modified = {2013-11-14 09:16:39 +0000},
	Organization = {ACM},
	Pages = {297--308},
	Title = {Self-organizing tuple reconstruction in column-stores},
	Year = {2009}}

@inproceedings{kersten2005cracking,
	Author = {Kersten, Martin L and Manegold, Stefan},
	Booktitle = {CIDR},
	Date-Added = {2013-11-14 09:14:09 +0000},
	Date-Modified = {2013-11-14 09:14:09 +0000},
	Pages = {213--224},
	Title = {Cracking the Database Store.},
	Year = {2005}}

@article{idreos2011merging,
	Author = {Idreos, Stratos and Manegold, Stefan and Kuno, Harumi and Graefe, Goetz},
	Date-Added = {2013-11-14 09:12:35 +0000},
	Date-Modified = {2013-11-14 09:12:35 +0000},
	Journal = {Proceedings of the VLDB Endowment},
	Number = {9},
	Pages = {586--597},
	Publisher = {VLDB Endowment},
	Title = {Merging what's cracked, cracking what's merged: adaptive indexing in main-memory column-stores},
	Volume = {4},
	Year = {2011}}

@inproceedings{idreos2007updating,
	Author = {Idreos, Stratos and Kersten, Martin L and Manegold, Stefan},
	Booktitle = {Proceedings of the 2007 ACM SIGMOD international conference on Management of data},
	Date-Added = {2013-11-14 09:11:55 +0000},
	Date-Modified = {2013-11-14 09:11:55 +0000},
	Organization = {ACM},
	Pages = {413--424},
	Title = {Updating a cracked database},
	Year = {2007}}

@article{halim2012stochastic,
	Author = {Halim, Felix and Idreos, Stratos and Karras, Panagiotis and Yap, Roland HC},
	Date-Added = {2013-11-14 09:10:44 +0000},
	Date-Modified = {2013-11-14 09:10:44 +0000},
	Journal = {Proceedings of the VLDB Endowment},
	Number = {6},
	Pages = {502--513},
	Publisher = {VLDB Endowment},
	Title = {Stochastic database cracking: Towards robust adaptive indexing in main-memory column-stores},
	Volume = {5},
	Year = {2012}}

@book{stepanov1995standard,
	Author = {Stepanov, Alexander and Lee, Meng},
	Date-Added = {2013-11-11 10:29:38 +0000},
	Date-Modified = {2013-11-11 10:29:38 +0000},
	Publisher = {Hewlett Packard Laboratories 1501 Page Mill Road, Palo Alto, CA 94304},
	Title = {The standard template library},
	Volume = {1501},
	Year = {1995}}

@article{donald1999art,
	Author = {Donald, E Knuth},
	Date-Added = {2013-11-07 14:14:33 +0000},
	Date-Modified = {2013-11-07 14:16:14 +0000},
	Journal = {Sorting and searching},
	Title = {The art of computer programming},
	Volume = {3},
	Year = {1999}}

@article{hoare1962quicksort,
	Author = {Hoare, Charles AR},
	Date-Added = {2013-11-06 08:50:42 +0000},
	Date-Modified = {2013-11-06 08:50:42 +0000},
	Journal = {The Computer Journal},
	Number = {1},
	Pages = {10--16},
	Publisher = {Br Computer Soc},
	Title = {Quicksort},
	Volume = {5},
	Year = {1962}}

@article{rashid2010analyzing,
	Author = {Rashid, Layali and Hassanein, Wessam M and Hammad, Moustafa A},
	Date-Added = {2013-11-05 13:23:45 +0000},
	Date-Modified = {2013-11-05 13:23:45 +0000},
	Journal = {The Journal of Supercomputing},
	Number = {2},
	Pages = {293--312},
	Publisher = {Springer},
	Title = {Analyzing and enhancing the parallel sort operation on multithreaded architectures},
	Volume = {53},
	Year = {2010}}

@article{lee2002partitioned,
	Author = {Lee, Shin-Jae and Jeon, Minsoo and Kim, Dongseung and Sohn, Andrew},
	Date-Added = {2013-11-05 12:47:02 +0000},
	Date-Modified = {2013-11-05 12:47:02 +0000},
	Journal = {Journal of Parallel and Distributed Computing},
	Number = {4},
	Pages = {656--668},
	Publisher = {Elsevier},
	Title = {Partitioned parallel radix sort},
	Volume = {62},
	Year = {2002}}

@article{maus2002arl,
	Author = {Maus, Arne},
	Date-Added = {2013-11-05 10:56:48 +0000},
	Date-Modified = {2013-11-05 11:01:24 +0000},
	Journal = {Norsk Informatik konferranse NIK},
	Month = {November},
	Pages = {85--95},
	Title = {ARL, a faster in-place, cache friendly sorting algorithm},
	Volume = {2002},
	Year = {2002}}

@article{maus2011parl,
	Author = {Maus, Arne},
	Date-Added = {2013-11-05 10:52:41 +0000},
	Date-Modified = {2013-11-05 11:07:40 +0000},
	Journal = {Norsk Informatik konferranse NIK},
	Month = {November},
	Pages = {37--48},
	Title = {A full parallel radix sorting algorithm for multicore processors},
	Volume = {2011},
	Year = {2011}}

@article{graefe2012concurrency,
	Author = {Graefe, Goetz and Halim, Felix and Idreos, Stratos and Kuno, Harumi and Manegold, Stefan},
	Date-Added = {2013-11-05 10:24:04 +0000},
	Date-Modified = {2013-11-05 10:24:04 +0000},
	Journal = {Proceedings of the VLDB Endowment},
	Number = {7},
	Pages = {656--667},
	Publisher = {VLDB Endowment},
	Title = {Concurrency control for adaptive indexing},
	Volume = {5},
	Year = {2012}}

@article{schuhknecht2013uncracked,
	Author = {Schuhknecht, Felix Martin and Jindal, Alekh and Dittrich, Jens},
	Date-Added = {2013-11-04 14:36:25 +0000},
	Date-Modified = {2013-11-04 14:36:25 +0000},
	Journal = {Proceedings of the VLDB Endowment},
	Number = {2},
	Title = {The Uncracked Pieces in Database Cracking},
	Volume = {7},
	Year = {2013}}

@inproceedings{idreos2007database,
	Author = {Idreos, Stratos and Kersten, Martin L and Manegold, Stefan},
	Booktitle = {CIDR},
	Date-Added = {2013-11-04 14:24:28 +0000},
	Date-Modified = {2013-11-04 14:24:28 +0000},
	Pages = {68--78},
	Title = {Database Cracking.},
	Year = {2007}}
